@book{2006Computer,
  title={Computer Organization and Design},
  author={ Patterson, David A },
  publisher={Computer Organization and Design},
  year={2006},
}
